
@book{andrews_foundations_2000,
	address = {Reading, Mass},
	title = {Foundations of multithreaded, parallel, and distributed programming},
	isbn = {978-0-201-35752-3},
	publisher = {Addison-Wesley},
	author = {Andrews, Gregory R.},
	year = {2000},
	keywords = {Distributed processing, Electronic data processing, Parallel programming (Computer science), Threads (Computer programs)}
}